@ARTICLE{Niesterowicz2013,
  author = {Niesterowicz, Jacek and Stepinski, Tomasz F.},
  title = {{Regionalization of multi-categorical landscapes using machine vision
	methods}},
  journal = {Applied Geography},
  year = {2013},
  volume = {45},
  pages = {250--258},
  month = {dec},
  file = {:home/jarekj/.local/share/data/Mendeley Ltd./Mendeley Desktop/Downloaded/Niesterowicz, Stepinski - 2013 - Regionalization of multi-categorical landscapes using machine vision methods.pdf:pdf},
  issn = {01436228},
  mendeley-groups = {4{\_}geopat},
  publisher = {Elsevier Ltd}
}

@INPROCEEDINGS{Jasiewicz2013b,
  author = {Jasiewicz, J. and Stepinski, T.F. and Netzel, P.},
  title = {{Content-based landscape retrieval using geomorphons}},
  booktitle = {Geomorphometry 2013},
  year = {2013},
  pages = {1--4},
  address = {Nanjing, China}
}

@ARTICLE{Stepinski2014JSTARS,
  author = {Stepinski, T.F. and Netzel, P. and Jasiewicz, J.},
  title = {{LandEx - A GeoWeb tool for query and retrieval of spatial patterns in land cover datasets}},
  journal = {IEEE Journal of Selected Topics in Applied Earth Observations and Remote Sensing},
  year = {2014},
  volume = {7(1)},
  pages = {257--266},
  address = {Columbus, OH},
  booktitle = {.IEEE Journal of Selected Topics in Applied Earth Observations and Remote Sensing 7(1), pp.257-266.},
  editor = {Ningchuan Xiao and Mei-Po Kwan and Hui Lin},
  file = {:home/jarekj/Literatura/Stepinski et al. - 2012 - LandExâ€“A GeoWeb-based Tool for Exploration of Patterns in Raster Maps.pdf:pdf}
}

@ARTICLE{Jasiewicz2014,
  author = {J. Jasiewicz and P. Netzel and T. F. Stepinski},
  title = {{Landscape similarity, retrieval, and machine mapping of physiographic
	units}},
  journal = {{Geomorphology}},
  year = {2014},
  volume = {221},
  pages = {104--112},
  file = {:home/jarekj/.local/share/data/Mendeley Ltd./Mendeley Desktop/Downloaded/Jasiewicz, Netzel, Stepinski - 2014 - Landscape similarity, retrieval, and machine mapping of physiographic units.pdf:PDF},
  issn = {0169555X},
  publisher = {Elsevier B.V.}
}

@ARTICLE{Jasiewicz2014GMRH,
  author = {Jasiewicz, Jaroslaw and Pawel Netzel and Stepinski, Tomasz F},
  title = {{Landscapes similarity, retrieval, and machine mapping of physiographic units}},
  journal = {Geomorphology},
  year = {2014},
  volume = {221},
  pages = {104--112}
}

@ARTICLE{Netzel2015,
  author = {P. Netzel and T. F. Stepinski},
  title = {{Pattern-based assessment of land cover change on continental scale with application to NLCD 2001-2006}},
  journal = {IEEE Transactions on Geoscience and Remote Sensing},
  year = {2015},
  volume = {53(4)},
  pages = {1773--1781},
  owner = {Tom},
  timestamp = {2014.04.18}
}

@ARTICLE{Niesterowicz2016EI,
  author = {J. Niesterowicz and T. F. Stepinski},
  title = {{On using landscape metrics for landscape similarity search}},
  journal = {Ecological Indicators},
  year = {2016},
  volume = {64},
  pages = {20--30},
  owner = {Tom},
  timestamp = {2016.02.21}
}
