@ARTICLE{Lin1991,
  author = {J. Lin},
  title = {{Divergence measures based on the Shannon entropy}},
  journal = {IEEE Transactions on Information Theory},
  year = {1991},
  volume = {31(1)},
  pages = {145--151},
  owner = {tomek},
  timestamp = {2012.11.13}
}

@ARTICLE{Williams2008,
  author = {Williams, Emily Atwood and Wentz, Elizabeth A.},
  title = {{Pattern Analysis Based on Type, Orientation, Size, and Shape}},
  journal = {Geogr. Anal.},
  year = {2008},
  volume = {40},
  pages = {97--122},
  number = {2},
  month = apr,
  doi = {10.1111/j.1538-4632.2008.00715.x},
  file = {:home/jarekj/Literatura/Williams, Wentz - 2008 - Pattern Analysis Based on Type, Orientation, Size, and Shape.pdf:pdf},
  issn = {0016-7363}
}

@ARTICLE{Barnsley1996,
  author = {Barnsley, M.J. and Barr, S.L.},
  title = {{Inferring urban land use from satellite sensor images using kernel-based
	spatial reclassification}},
  journal = {Photogrammetric engineering and remote sensing},
  year = {1996},
  volume = {62},
  pages = {949--958},
  number = {8},
  file = {:home/jarekj/Literatura/Barnsley, Barr - 1996 - Inferring urban land use from satellite sensor images using kernel-based spatial reclassification.pdf:pdf},
  keywords = {American Society for Photogrammetry and Remote Sen,August 1996,No.
	8,Photogrammetric Engineering \& Remote Sensing,Vol. 62,pp. 949-958.}
}

@INPROCEEDINGS{Chang1999,
  author = {P. Chang and J. Krumm},
  title = {{Object recognition with color cooccurrence histograms}},
  booktitle = {In Proceedings of IEEE Conference on Computer Vision and Pattern
	Recognition, Fort Collins, CO, June 23-25, 1999},
  year = {1999},
  organization = {IEEE Computer Society Conference},
  owner = {Tom},
  timestamp = {2014.11.20}
}

@ARTICLE{Haralick1973,
  author = {Haralick, Robert M.R.M. and Shanmugam, K. and Dinstein, Its'Hak},
  title = {{Textural features for image classification}},
  journal = {Syst. Man Cybern. IEEE Trans.},
  year = {1973},
  volume = {3},
  pages = {610--621},
  number = {6},
  month = nov,
  doi = {10.1109/TSMC.1973.4309314},
  file = {:home/jarekj/.local/share/data/Mendeley Ltd./Mendeley Desktop/Downloaded/Haralick, Shanmugam, Dinstein - 1973 - Textural Features for Image Classification.pdf:pdf},
  issn = {0018-9472},
  publisher = {IEEE}
}

@ARTICLE{Remmel2006,
  author = {T. K. Remmel and F. Csillag},
  title = {Mutual information spectra for comparing categorical maps},
  journal = {International Journal of Remote Sensing},
  year = {2006},
  volume = {27(7)},
  pages = {1425–1452},
  owner = {tstepinski},
  timestamp = {2011.06.07}
}

@ARTICLE{Cha2007,
  author = {Cha, S.H.},
  title = {{Comprehensive survey on distance/similarity measures between probability density functions}},
  journal = {Int. J. Math. Model. Methods Appled Sci.},
  year = {2007},
  volume = {1(4)},
  pages = {300--307},
  number = {4},
  file = {:home/jarekj/Literatura/Cha - 2007 - Comprehensive survey on distancesimilarity measures between probability density functions.pdf:pdf},
  keywords = {distance,histogram,probability density function}
}

@ARTICLE{Jaccard1908,
  author = {P. Jaccard},
  title = {{ Nouvelles recherches sur la distribution florale}},
  journal = {Bull. Soc. Vaudoise Sci. Nat.},
  year = {1908},
  volume = {44},
  pages = {223--270},
  owner = {Tom},
  timestamp = {2014.04.21}
}

@ARTICLE{Jasiewicz2014GMRH,
  author = {Jasiewicz, Jaroslaw and Pawel Netzel and Stepinski, Tomasz F},
  title = {{Landscapes similarity, retrieval, and machine mapping of physiographic units}},
  journal = {Geomorphology},
  year = {2014},
  volume = {221},
  pages = {104--112}
}

@INPROCEEDINGS{Jasiewicz2013b,
  author = {Jasiewicz, J. and Stepinski, T.F. and Netzel, P.},
  title = {{Content-based landscape retrieval using geomorphons}},
  booktitle = {Geomorphometry 2013},
  year = {2013},
  pages = {1--4},
  address = {Nanjing, China}
}

@ARTICLE{Stepinski2014JSTARS,
  author = {Stepinski, T.F. and Netzel, P. and Jasiewicz, J.},
  title = {{LandEx - A GeoWeb tool for query and retrieval of spatial patterns in land cover datasets}},
  journal = {IEEE Journal of Selected Topics in Applied Earth Observations and Remote Sensing},
  year = {2014},
  volume = {7(1)},
  pages = {257--266},
  address = {Columbus, OH},
  booktitle = {.IEEE Journal of Selected Topics in Applied Earth Observations and Remote Sensing 7(1), pp.257-266.},
  editor = {Ningchuan Xiao and Mei-Po Kwan and Hui Lin},
  file = {:home/jarekj/Literatura/Stepinski et al. - 2012 - LandEx–A GeoWeb-based Tool for Exploration of Patterns in Raster Maps.pdf:pdf}
}

@ARTICLE{Netzel2015,
  author = {P. Netzel and T. F. Stepinski},
  title = {{Pattern-based assessment of land cover change on continental scale with application to NLCD 2001-2006}},
  journal = {IEEE Transactions on Geoscience and Remote Sensing},
  year = {2015},
  volume = {53(4)},
  pages = {1773--1781},
  owner = {Tom},
  timestamp = {2014.04.18}
}